<record xmlns="http://www.loc.gov/MARC21/slim" xmlns:xsi="http://www.w3.org/2001/XMLSchema-instance" xsi:schemaLocation="http://www.loc.gov/MARC21/slim http://www.loc.gov/standards/marcxml/schema/MARC21slim.xsd"><leader>01128cz   2200253n  4500</leader><controlfield tag="001">oca02484947 </controlfield><controlfield tag="005">19961101054151.1</controlfield><controlfield tag="008">890321n| acannaab|          |a aaa |||  </controlfield><datafield ind1=" " ind2=" " tag="010"><subfield code="a">n  88003773 </subfield></datafield><datafield ind1=" " ind2=" " tag="040"><subfield code="a">DLC</subfield><subfield code="c">DLC</subfield><subfield code="d">OCoLC</subfield></datafield><datafield ind1="0" ind2=" " tag="100"><subfield code="a">Agrippina,</subfield><subfield code="c">Minor,</subfield><subfield code="d">15-59</subfield></datafield><datafield ind1="0" ind2=" " tag="400"><subfield code="a">Giulia Agrippina,</subfield><subfield code="d">15-59</subfield></datafield><datafield ind1="0" ind2=" " tag="400"><subfield code="a">Iulia Agrippina,</subfield><subfield code="d">15-59</subfield></datafield><datafield ind1="0" ind2=" " tag="400"><subfield code="a">Agrippina,</subfield><subfield code="c">Minore,</subfield><subfield code="d">15-59</subfield></datafield><datafield ind1="0" ind2=" " tag="400"><subfield code="a">Agrippina,</subfield><subfield code="c">wife of the Emperor Claudius,</subfield><subfield code="d">15-59</subfield></datafield><datafield ind1="0" ind2=" " tag="400"><subfield code="a">Agripina,</subfield><subfield code="c">Minor,</subfield><subfield code="d">15-59</subfield></datafield><datafield ind1="0" ind2=" " tag="400"><subfield code="a">Agrippine,</subfield><subfield code="c">Minor,</subfield><subfield code="d">15-59</subfield></datafield><datafield ind1="0" ind2=" " tag="400"><subfield code="a">Agrippina,</subfield><subfield code="c">the Younger,</subfield><subfield code="d">15-59</subfield></datafield><datafield ind1=" " ind2=" " tag="670"><subfield code="a">Sampoli, F. Giulia Agrippina, 1988:</subfield><subfield code="b">p. 10 (b. 15 &amp; d. 59)</subfield></datafield><datafield ind1=" " ind2=" " tag="670"><subfield code="a">GEV</subfield><subfield code="b">(Agrippina Minor, b. 15 A.D. &amp; d. 59 A.D.)</subfield></datafield><datafield ind1=" " ind2=" " tag="670"><subfield code="a">Encic. ital.</subfield><subfield code="b">(Agrippina Minore (Iulia Agrippina), b. 11-6-15 A.D. &amp; d. 59 A.D.)</subfield></datafield><datafield ind1=" " ind2=" " tag="670"><subfield code="a">Oxford classical dict., 2nd ed., 1970</subfield><subfield code="b">(Agrippina Minor, b. 11-6-15 A.D. &amp; d. Mar. 59 A.D.)</subfield></datafield><datafield ind1=" " ind2=" " tag="670"><subfield code="a">NUC 1965-69</subfield><subfield code="b">(hdg.: Agrippina, wife of the Emperor Claudius, 15?-60)</subfield></datafield><datafield ind1=" " ind2=" " tag="670"><subfield code="a">OCLC 10/31/96</subfield><subfield code="b">(hdg.: Agrippina, Minor, 15-59; usage: Agrippina; Agripina; Agripinne; Agrippina the Younger; Giulia Agrippina)</subfield></datafield></record>